@book{GuideReliable,
   title =     {Guide to Reliable Distributed Systems: Building High-Assurance Applications and Cloud-Hosted Services},
   author =    {Kenneth P. Birman},
   publisher = {Springer},
   isbn =      {1447124154,9781447124153},
   year =      {2012}
}

@Misc{ciscosurvey,
   title = {Cisco Global Cloud Index: Forecast and Methodology, 2015–2020},
   howpublished = {\url{http://www.cisco.com/c/dam/en/us/solutions/collateral/service-provider/global-cloud-index-gci/white-paper-c11-738085.pdf}},
   author = {Cisco},
   note = {Retrieved on July, 2017}
   }

@book{Datacenter,
title = {The Datacenter as a Computer: An Introduction to the Design of Warehouse-Scale Machines, Second Edition},
author  = {Luiz André Barroso and Jimmy Clidaras and Urs Hölzle},
year  = 2013,
publisher = { }
}

@book{cloudadmin,
   title =     {The Practice of Cloud System Administration: Designing and Operating Large Distributed Systems},
   author =    {Thomas A. Limoncelli , Strata R. Chalup , Christina J. Hogan},
   publisher = {Addison Wesley},
   isbn =      {032194318X , 9780321943187},
   year =      {2014},
   series =    {},
   edition =   {},
   volume =    {2}}

@inproceedings{spark,
 author = {Zaharia, Matei and Chowdhury, Mosharaf and Franklin, Michael J. and Shenker, Scott and Stoica, Ion},
 title = {Spark: Cluster Computing with Working Sets},
 booktitle = {Proceedings of the 2Nd USENIX Conference on Hot Topics in Cloud Computing},
 series = {HotCloud'10},
 year = {2010},
 location = {Boston, MA},
 pages = {10--10},
 numpages = {1},
 url = {http://dl.acm.org/citation.cfm?id=1863103.1863113},
 acmid = {1863113},
 publisher = {USENIX Association},
 address = {Berkeley, CA, USA},
} 

@article{mapreduce,
 author = {Dean, Jeffrey and Ghemawat, Sanjay},
 title = {MapReduce: Simplified Data Processing on Large Clusters},
 journal = {Commun. ACM},
 issue_date = {January 2008},
 volume = {51},
 number = {1},
 month = jan,
 year = {2008},
 issn = {0001-0782},
 pages = {107--113},
 numpages = {7},
 url = {http://doi.acm.org/10.1145/1327452.1327492},
 doi = {10.1145/1327452.1327492},
 acmid = {1327492},
 publisher = {ACM},
 address = {New York, NY, USA},
} 

@inproceedings{wadler,
 author = {Wadler, Philip},
 title = {Theorems for Free!},
 booktitle = {Proceedings of the Fourth International Conference on Functional Programming Languages and Computer Architecture},
 series = {FPCA '89},
 year = {1989},
 isbn = {0-89791-328-0},
 location = {Imperial College, London, United Kingdom},
 pages = {347--359},
 numpages = {13},
 url = {http://doi.acm.org/10.1145/99370.99404},
 doi = {10.1145/99370.99404},
 acmid = {99404},
 publisher = {ACM},
 address = {New York, NY, USA},
} 

@article{quickcheck,
 author = {Claessen, Koen and Hughes, John},
 title = {QuickCheck: A Lightweight Tool for Random Testing of Haskell Programs},
 journal = {SIGPLAN Not.},
 issue_date = {April 2011},
 volume = {46},
 number = {4},
 month = may,
 year = {2011},
 issn = {0362-1340},
 pages = {53--64},
 numpages = {12},
 url = {http://doi.acm.org/10.1145/1988042.1988046},
 doi = {10.1145/1988042.1988046},
 acmid = {1988046},
 publisher = {ACM},
 address = {New York, NY, USA},
} 

@article{dataflow,
 author = {Akidau, Tyler and Bradshaw, Robert and Chambers, Craig and Chernyak, Slava and Fern\'{a}ndez-Moctezuma, Rafael J. and Lax, Reuven and McVeety, Sam and Mills, Daniel and Perry, Frances and Schmidt, Eric and Whittle, Sam},
 title = {The Dataflow Model: A Practical Approach to Balancing Correctness, Latency, and Cost in Massive-scale, Unbounded, Out-of-order Data Processing},
 journal = {Proc. VLDB Endow.},
 issue_date = {August 2015},
 volume = {8},
 number = {12},
 month = aug,
 year = {2015},
 issn = {2150-8097},
 pages = {1792--1803},
 numpages = {12},
 url = {http://dx.doi.org/10.14778/2824032.2824076},
 doi = {10.14778/2824032.2824076},
 acmid = {2824076},
 publisher = {VLDB Endowment},
} 


@inproceedings{streamissues,
 author = {Babcock, Brian and Babu, Shivnath and Datar, Mayur and Motwani, Rajeev and Widom, Jennifer},
 title = {Models and Issues in Data Stream Systems},
 booktitle = {Proceedings of the Twenty-first ACM SIGMOD-SIGACT-SIGART Symposium on Principles of Database Systems},
 series = {PODS '02},
 year = {2002},
 isbn = {1-58113-507-6},
 location = {Madison, Wisconsin},
 pages = {1--16},
 numpages = {16},
 url = {http://doi.acm.org/10.1145/543613.543615},
 doi = {10.1145/543613.543615},
 acmid = {543615},
 publisher = {ACM},
 address = {New York, NY, USA},
} 


@inproceedings{iteratees,
 author = {Kiselyov, Oleg},
 title = {Iteratees},
 booktitle = {Proceedings of the 11th International Conference on Functional and Logic Programming},
 series = {FLOPS'12},
 year = {2012},
 isbn = {978-3-642-29821-9},
 location = {Kobe, Japan},
 pages = {166--181},
 numpages = {16},
 url = {http://dx.doi.org/10.1007/978-3-642-29822-6_15},
 doi = {10.1007/978-3-642-29822-6_15},
 acmid = {2342700},
 publisher = {Springer-Verlag},
 address = {Berlin, Heidelberg},
} 

@book{scala,
   title =     {Programming in Scala: A comprehensive step-by-step guide},
   author =    {Martin Odersky, Lex Spoon, Bill Venners},
   publisher = {Artima Press},
   isbn =      {978-0981531687},
   year =      {2016},
   series =    {},
   edition =   {3},
   volume =    {},
   url =       {http://gen.lib.rus.ec/book/index.php?md5=F95C8EDB691F67A014FD972B45095244}
   }

@Misc{linkedin,
  author = {A. Woodie},
  title = {Kafka tops 1 trillion messages per day at LinkedIn. Datanami},
  year = 2015,
  howpublished = {http://www.datanami.com/2015/09/02/},
  note = {Retrieved on July, 2017}
}

@Misc{twitter,
  author = {A. Asta},
  title = {Observability at Twitter: technical overview, part I},
  year = 2016,
  howpublished = {https://blog.twitter.com/2016/observability-at-twitter-technical-overview-part-i},
  note = {Retrieved on July, 2017}
}

@Misc{cern,
  author = {Cian O'Luanaigh},
  title = {CERN Data Centre passes 100 petabytes},
  year = 2013,
  howpublished = {https://home.cern/about/updates/2013/02/cern-data-centre-passes-100-petabytes},
  note = {Retrieved on July, 2017}
}

@book{book:lattices,
   title =     {Introduction to Lattices and Order},
   author =    {B. A. Davey, H. A. Priestley},
   publisher = {Cambridge University Press},
   isbn =      {0521784514, 9780521793629},
   year =      {2002},
   series =    {},
   edition =   {2},
   volume =    {},
   url =       {http://gen.lib.rus.ec/book/index.php?md5=875BA80648218E512C5E64867920BBF9}}

@inproceedings {180268,
author = {James C. Corbett and Jeffrey Dean and Michael Epstein and Andrew Fikes and Christopher Frost and JJ Furman and Sanjay Ghemawat and Andrey Gubarev and Christopher Heiser and Peter Hochschild and Wilson Hsieh and Sebastian Kanthak and Eugene Kogan and Hongyi Li and Alexander Lloyd and Sergey Melnik and David Mwaura and David Nagle and Sean Quinlan and Rajesh Rao and Lindsay Rolig and Yasushi Saito and Michal Szymaniak and Christopher Taylor and Ruth Wang and Dale Woodford},
title = {Spanner: Google{\textquoteright}s Globally-Distributed Database},
booktitle = {10th USENIX Symposium on Operating Systems Design and Implementation (OSDI 12)},
year = {2012},
isbn = {978-1-931971-96-6},
address = {Hollywood, CA},
pages = {261--264},
url = {https://www.usenix.org/conference/osdi12/technical-sessions/presentation/corbett},
publisher = {USENIX Association},
}

@incollection{actors,
 author = {Agha, G. and Hewitt, C.},
 chapter = {Concurrent Programming Using Actors: Exploiting Large-scale Parallelism},
 title = {Distributed Artificial Intelligence},
 editor = {Bond, Alan H. and Gasser, Les},
 year = {1988},
 isbn = {0-934613-63-X},
 pages = {398--407},
 numpages = {10},
 url = {http://dl.acm.org/citation.cfm?id=60204.60234},
 acmid = {60234},
 publisher = {Morgan Kaufmann Publishers Inc.},
 address = {San Francisco, CA, USA},
} 

@Misc{iot,
  author = {Dell EMC},
  title = {Dell EMC Digital Universe Survey: The Digital Universe of Opportunities:
Rich Data and the Increasing Value of the Internet of Things},
  year = 2014,
  howpublished = {https://www.emc.com/leadership/digital-universe/index.htm?pid=landing-digitaluniverse-131212},
  note = {Retrieved on July, 2017}
}

@Misc{akka,
  author = {Jonas Bonér},
  title = {Akka},
  year = 2017,
  url = {http://akka.io/},
  urldate = {2017-01-31}
}

@book{microservices,
 author = {Watts, Kevin},
 title = {Microservices Architecture: Deep Exploration Of Microservices},
 year = {2015},
 isbn = {1519773803, 9781519773807},
 publisher = {CreateSpace Independent Publishing Platform},
 address = {USA},
} 

@article{facebook,
 author = {Pelkonen, Tuomas and Franklin, Scott and Teller, Justin and Cavallaro, Paul and Huang, Qi and Meza, Justin and Veeraraghavan, Kaushik},
 title = {Gorilla: A Fast, Scalable, In-memory Time Series Database},
 journal = {Proc. VLDB Endow.},
 issue_date = {August 2015},
 volume = {8},
 number = {12},
 month = aug,
 year = {2015},
 issn = {2150-8097},
 pages = {1816--1827},
 numpages = {12},
 url = {http://dx.doi.org/10.14778/2824032.2824078},
 doi = {10.14778/2824032.2824078},
 acmid = {2824078},
 publisher = {VLDB Endowment},
} 


@Misc{kappa,
  author = {Jay Kreps},
  title = {Questioning the Lambda Architecture},
  year = 2014,
  howpublished = {https://www.oreilly.com/ideas/questioning-the-lambda-architecture},
  note = {Retrieved on July, 2017}
}

@inproceedings{lambda,
 author = {Kiran, Mariam and Murphy, Peter and Monga, Inder and Dugan, Jon and Baveja, Sartaj Singh},
 title = {Lambda Architecture for Cost-effective Batch and Speed Big Data Processing},
 booktitle = {Proceedings of the 2015 IEEE International Conference on Big Data (Big Data)},
 series = {BIG DATA '15},
 year = {2015},
 isbn = {978-1-4799-9926-2},
 pages = {2785--2792},
 numpages = {8},
 url = {https://doi.org/10.1109/BigData.2015.7364082},
 doi = {10.1109/BigData.2015.7364082},
 acmid = {2877985},
 publisher = {IEEE Computer Society},
 address = {Washington, DC, USA},
} 

@Misc{netflix,
  author = {Vinay Chella, Ioannis Papapanagiotou and Kunal Kundaje},
  title = {Netflix Data Benchmark: Benchmarking Cloud Data Stores},
  year = 2016,
  howpublished = {http://techblog.netflix.com/2016/09/netflix-data-benchmark-benchmarking.html},
  note = {Retrieved on July, 2017}
}

@book{xp,
   title =     {Extreme programming explained: embrace change},
   author =    {Kent Beck, Cynthia Andres},
   publisher = {Addison-Wesley Professional},
   isbn =      {0321278658,9780321278654},
   year =      {2004},
   series =    {},
   edition =   {2},
   volume =    {}
   }

@article{millwheel,
 author = {Akidau, Tyler and Balikov, Alex and Bekiro\u{g}lu, Kaya and Chernyak, Slava and Haberman, Josh and Lax, Reuven and McVeety, Sam and Mills, Daniel and Nordstrom, Paul and Whittle, Sam},
 title = {MillWheel: Fault-tolerant Stream Processing at Internet Scale},
 journal = {Proc. VLDB Endow.},
 issue_date = {August 2013},
 volume = {6},
 number = {11},
 month = aug,
 year = {2013},
 issn = {2150-8097},
 pages = {1033--1044},
 numpages = {12},
 url = {http://dx.doi.org/10.14778/2536222.2536229},
 doi = {10.14778/2536222.2536229},
 acmid = {2536229},
 publisher = {VLDB Endowment},
} 

@inproceedings {189908,
author = {Frank McSherry and Michael Isard and Derek G. Murray},
title = {Scalability! But at what COST?},
booktitle = {15th Workshop on Hot Topics in Operating Systems (HotOS XV)},
year = {2015},
address = {Kartause Ittingen, Switzerland},
url = {https://www.usenix.org/conference/hotos15/workshop-program/presentation/mcsherry},
publisher = {USENIX Association},
}
